% --------------------------------------------------------------
% Access Control Evaluation
%---------------------------------------------------------------

@techreport{hu_guidelines_2012,
	address = {Gaithersburg, MD},
	title = {Guidelines for {Access} {Control} {System} {Evaluation} {Metrics}},
	language = {en},
	number = {NIST IR 7874},
	urldate = {2018-01-06},
	institution = {National Institute of Standards and Technology},
	author = {Hu, Vincent C. and Scarfone, Karen},
	month = sep,
	year = {2012},
	keywords = {Master's},
	file = {Hu_Scarfone_2012_Guidelines for Access Control System Evaluation Metrics.pdf:/home/hmartins/Dropbox/Papers/Hu_Scarfone_2012_Guidelines for Access Control System Evaluation Metrics.pdf:application/pdf}
}

@techreport{hu_assessment_2006,
	title = {Assessment of access control systems},
	institution = {US Department of Commerce, National Institute of Standards and Technology},
	author = {Hu, Vincent C. and Ferraiolo, David and Kuhn, D. Richard},
	year = {2006},
	keywords = {Master's},
	file = {Hu et al_2006_Assessment of access control systems.pdf:/home/hmartins/Dropbox/Papers/Hu et al_2006_Assessment of access control systems.pdf:application/pdf}
}

@article{LE2014184,
title = "Evaluation of an Enhanced Role-Based Access Control model to manage information access in collaborative processes for a statewide clinical education program",
journal = "Journal of Biomedical Informatics",
volume = "50",
pages = "184 - 195",
year = "2014",
issn = "1532-0464",
author = "Xuan Hung Le and Terry Doll and Monica Barbosu and Amneris Luque and Dongwen Wang",
keywords = "Access control, Information management, Computer supported cooperative work, Workflow, Medical education, Knowledge representation"
}